@mastersthesis{Jensen,
    author    = "Johannes Hoydahl Jensen",
    title     = "Evolutionary Music Composition: A Quantitative Approach",
    school    = "Norwegian University of Science and Technology",
    year      = "2011",
}

@misc{website:music21,
      author = " Michael Scott Cuthbert  and  Ben Houge",
      title = "Music21 Documentation",
      month = "November",
      year = "2012",
      url = "http://mit.edu/music21/",
}

@misc{website:wiki_note,
      author = "Wikipedia",
      title = "Note",
      month = "November",
      year = "2012",
      url = "http://en.wikipedia.org/wiki/Note",
}

@mastersthesis{RBecker,
    author    = "Ryan Becker",
    title     = "Genetic Music",
    school    = "Rochester Institute of Technology",
    year      = "2005",
}

@conference{Yuksel,
    author    = "AC Yuksel",
    title     = "Automatic music generation using evolutionary algorithms and neural networks",
    booktitle = "Innovations in Intelligent Systems and Applications",
    year      = "2011",
}

@conference{Biles94,
    author    = "John A. Biles",
    title     = "GenJam: A Genetic Algorithm for Generating Jazz Solos",
    booktitle = "International Computer Music Conference",
    year      = "1994",
}

@conference{Biles96,
    author    = "John A. Biles and Peter G. Anderson and Laura W. Loggi",
    title     = "Neural Network Fitness Functions for a Musical IGA",
    booktitle = "Soft Computing Conference",
    year      = "1996",
}

@misc{Biles01,
	author    = "John A. Biles",
	title     = "Autonomous GenJam: Eliminating the Fitness Bottleneck by Eliminating Fitness",
	year     = "2001",
}

@misc{ToddWerner,
	author    = "Peter M. Todd and Gregory M. Werner",
	title     = "Frankensteinian Methods for Evolutionary Music Composition",
	year     = "2001",
}

@article{MIT,
    author    = "Eric Krevice Prebys",
    title     = "The Genetic Algorithm in Computer Science",
    journal   = "MIT Undergraduate Journal of Mathematics",
   year	= "2007",
}

@misc{Nao,
      author = "Nao Tokui and Hitoshi Iba",
      title = "Music Composition with Interactive Evolutionary Computation",
	year= "2000",
}

@misc{Ivo,
      author = " Ivo Adan",
      title = "3 Markov chains and Markov processes",
	year= "2008",
}

@misc{Shabda,
      author = " Shabda",
      title = "Generating pseudo random text with Markov chains using Python",
	year= "2009",
}

@misc{website:wiki_octave,
      author = "Wikipedia",
      title = "Octave",
      month = "November",
      year = "2012",
      url = "http://en.wikipedia.org/wiki/Octave",
}

@misc{website:mc,
      author = "Wikipedia",
      title = "Markov Chain",
      month = "October",
      year = "2012",
      url = "http://en.wikipedia.org/wiki/Markov_chain",
}

@misc{website:rose,
      author = "Curt Clifton",
      title = "Markov Chain Algorithm",
      month = "November",
      year = "2011",
      url = "http://www.rose-hulman.edu/class/csse/csse220/201130/Programs/Markov/markov.html",
}